@article{greenwade93,
  author  = "George D. Greenwade",
  title   = "The {C}omprehensive {T}ex {A}rchive {N}etwork ({CTAN})",
  year    = "1993",
  journal = "TUGBoat",
  volume  = "14",
  number  = "3",
  pages   = "342--351"
}

@online{bili_lex,
  language = {chinese},
  author   = {{哔哩哔哩弹幕网}},
  title    = {{关于违约UP主LexBurner法律仲裁结论的公告}},
  url      = {https://t.bilibili.com/602188697334024380},
  year     = {2021}
}
